@BOOK{Bishop,
author = "Christopher M. Bishop",
title = "Pattern recognition and machine learning",
year = 2006,
publisher = "Springer",
}

@BOOK{Shir,
author = "А. Н. Ширяев",
title = "Вероятность",
year = 1989,
publisher = "Наука",
}

@BOOK{DeGroot,
author = "M. H. DeGroot",
title = "Probability and Statistics",
year = 2011,
publisher = "Pearson",
}

@BOOK{Buslenko,
author = "Н.П. Бусленко and Д.И. Голенко and И.М. Соболь and В.Г. Срагович and Ю.А. Шрейдер",
title = "Метод статистических испытаний",
year = 1962,
publisher = "Букинист",
}
